@book{moens, 
    place={Oxfordshire, UK}, 
    edition={2}, 
    year = {2013},
    title={Plant Nematology}, 
    publisher={CAB International}, 
    editor={Perry, Roland; Maurice Moens Editor}}

@article{jones2013top,
  title={Top 10 plant-parasitic nematodes in molecular plant pathology},
  author={Jones, John T and Haegeman, Annelies and Danchin, Etienne GJ and Gaur, Hari S and Helder, Johannes and Jones, Michael GK and Kikuchi, Taisei and Manzanilla-L{\'o}pez, Rosa and Palomares-Rius, Juan E and Wesemael, Wim ML and others},
  journal={Molecular plant pathology},
  volume={14},
  number={9},
  pages={946--961},
  year={2013},
  publisher={Wiley Online Library},
  doi = {10.1111/mpp.12057}
}

@incollection{yeates1987plants,
  title={How plants affect nematodes},
  author={Yeates, GW},
  booktitle={Advances in ecological research},
  volume={17},
  pages={61--113},
  year={1987},
  publisher={Elsevier},
  doi = {10.1016/S0065-2504(08)60244-5}
}

@article{williamson2006nematode,
  title={Nematode resistance in plants: the battle underground},
  author={Williamson, Valerie M and Kumar, Amar},
  journal={TRENDS in Genetics},
  volume={22},
  number={7},
  pages={396--403},
  year={2006},
  publisher={Elsevier},
  doi = {10.1016/j.tig.2006.05.003}
}

@article{opperman1998soybean,
  title={The soybean cyst nematode, Heterodera glycines: a genetic model system for the study of plant-parasitic nematodes},
  author={Opperman, Charles H and Bird, David McK},
  journal={Current opinion in plant biology},
  volume={1},
  number={4},
  pages={342--346},
  year={1998},
  publisher={Elsevier Science}
}

@article{stone1985co,
  title={Co-evolution of potato cyst nematodes and their hosts: implications for pathotypes and resistance 1},
  author={Stone, AR},
  journal={EPPO Bulletin},
  volume={15},
  number={2},
  pages={131--137},
  year={1985},
  publisher={Wiley Online Library},
  doi = {10.1111/j.1365-2338.1985.tb00212.x}
}

@article{zacheo1995plant,
  title={Plant-nematode interactions: Histological, physiological and biochemical interactions},
  author={Zacheo, GIUSEPPE and Bleve-Zacheo, TERESA},
  journal={Pathogenesis and host specificity in plant diseases: Histopathological, biochemical, genetic and molecular bases},
  volume={3},
  pages={321--353},
  year={1995}
}

@incollection{mantelin2015suppression,
  title={Suppression of plant defences by plant-parasitic nematodes},
  author={Mantelin, Sophie and Thorpe, Peter and Jones, John T},
  booktitle={Advances in botanical research},
  volume={73},
  pages={325--337},
  year={2015},
  publisher={Elsevier},
  doi = {10.1016/bs.abr.2014.12.011}
}

@article{vanholme2004secretions,
  title={Secretions of plant-parasitic nematodes: a molecular update},
  author={Vanholme, Bartel and De Meutter, Jan and Tytgat, Tom and Van Montagu, Marc and Coomans, August and Gheysen, Godelieve},
  journal={Gene},
  volume={332},
  pages={13--27},
  year={2004},
  publisher={Elsevier},
  doi = {10.1016/j.gene.2004.02.024}
}

@incollection{de2015plant,
  title={The plant cell cycle machinery: Usurped and modulated by plant-parasitic nematodes},
  author={de Almeida Engler, Janice and Vieira, Paulo and Rodiuc, Natalia and de Sa, Maria Fatima Grossi and Engler, Gilbert},
  booktitle={Advances in botanical research},
  volume={73},
  pages={91--118},
  year={2015},
  publisher={Elsevier},
  doi = {10.1016/bs.abr.2014.12.003}
}

@article{mitchum2013nematode,
  title={Nematode effector proteins: an emerging paradigm of parasitism},
  author={Mitchum, Melissa G and Hussey, Richard S and Baum, Thomas J and Wang, Xiaohong and Elling, Axel A and Wubben, Martin and Davis, Eric L},
  journal={New Phytologist},
  volume={199},
  number={4},
  pages={879--894},
  year={2013},
  publisher={Wiley Online Library},
  doi = {10.1111/nph.12323}
}

@article{siddique2018parasitic,
  title={Parasitic nematodes manipulate plant development to establish feeding sites},
  author={Siddique, Shahid and Grundler, Florian MW},
  journal={Current opinion in microbiology},
  volume={46},
  pages={102--108},
  year={2018},
  publisher={Elsevier},
  doi = {10.1016/j.mib.2018.09.004}
}

@article{vieira2019plant,
  title={Plant-parasitic nematode effectorsâ€”insights into their diversity and new tools for their identification},
  author={Vieira, Paulo and Gleason, Cynthia},
  journal={Current Opinion in Plant Biology},
  volume={50},
  pages={37--43},
  year={2019},
  publisher={Elsevier},
  doi = {10.1016/j.pbi.2019.02.007}
}

@incollection{siddique2015metabolism,
  title={Metabolism in nematode feeding sites},
  author={Siddique, Shahid and Grundler, Florian MW},
  booktitle={Advances in Botanical Research},
  volume={73},
  pages={119--138},
  year={2015},
  publisher={Elsevier},
  doi = {10.1016/bs.abr.2015.02.001}
}

@article{bartlem2013vascularization,
  title={Vascularization and nutrient delivery at root-knot nematode feeding sites in host roots},
  author={Bartlem, Derek G and Jones, Michael GK and Hammes, Ulrich Z},
  journal={Journal of Experimental Botany},
  volume={65},
  number={7},
  pages={1789--1798},
  year={2013},
  publisher={Oxford University Press},
  doi = {10.1093/jxb/ert415}
}

@article{eloh2016untargeted,
  title={Untargeted metabolomics of tomato plants after root-knot nematode infestation},
  author={Eloh, Kodjo and Sasanelli, Nicola and Maxia, Andrea and Caboni, Pierluigi},
  journal={Journal of agricultural and food chemistry},
  volume={64},
  number={29},
  pages={5963--5968},
  year={2016},
  publisher={ACS Publications},
  doi = {10.1021/acs.jafc.6b02181}
}

@article{hofmann2010metabolic,
  title={Metabolic profiling reveals local and systemic responses of host plants to nematode parasitism},
  author={Hofmann, Julia and El Ashry, Abd El Naser and Anwar, Shahbaz and Erban, Alexander and Kopka, Joachim and Grundler, Florian},
  journal={The Plant Journal},
  volume={62},
  number={6},
  pages={1058--1071},
  year={2010},
  publisher={Wiley Online Library},
  doi = {10.1111/j.1365-313X.2010.04217.x}
}

@article{sijmons1994parasitic,
  title={Parasitic strategies of root nematodes and associated host cell responses},
  author={Sijmons, PC and Atkinson, HJ and Wyss, U},
  journal={Annual review of phytopathology},
  volume={32},
  number={1},
  pages={235--259},
  year={1994},
  publisher={Annual Reviews 4139 El Camino Way, PO Box 10139, Palo Alto, CA 94303-0139, USA}
}

@article{kutsuwa2015belonolaimus,
  title={Belonolaimus longicaudatus: An emerging pathogen of peanut in Florida},
  author={Kutsuwa, Kanan and Dickson, DW and Brito, JA and Jeyaprakash, A and Drew, A},
  journal={Journal of nematology},
  volume={47},
  number={2},
  pages={87},
  year={2015},
  publisher={Society of Nematologists}
}

@article{crow2000yield,
  title={Yield reduction and root damage to cotton induced by Belonolaimus longicaudatus},
  author={Crow, WT and Dickson, DW and Weingartner, DP and McSorley, R and Miller, GL},
  journal={Journal of nematology},
  volume={32},
  number={2},
  pages={205},
  year={2000},
  publisher={Society of Nematologists}
}

@article{shaver2017damage,
  title={Damage Functions for Sting Nematode (Belonolaimus longicaudatus) on Bermudagrass Turf},
  author={Shaver, Bradly R and Agudelo, Paula and Martin, S Bruce},
  journal={International Turfgrass Society Research Journal},
  volume={13},
  number={1},
  pages={517--523},
  year={2017},
  publisher={International Turfgrass Society and ACSESS}
}

@article{bekal2000population,
  title={Population dynamics of the sting nematode in California turfgrass},
  author={Bekal, Sadia and Becker, J Ole},
  journal={Plant disease},
  volume={84},
  number={10},
  pages={1081--1084},
  year={2000},
  publisher={Am Phytopath Society}
}

@article{pang2011bermudagrass,
  title={Bermudagrass cultivar responses to sting nematodes},
  author={Pang, Wening and Luc, John E and Crow, William T and Kenworthy, Kevin E and Giblin-Davis, Robin M and McSorley, Robert and Kruse, Jason K},
  journal={Crop Science},
  volume={51},
  number={5},
  pages={2199--2203},
  year={2011},
  publisher={The Crop Science Society of America, Inc.}
}

@article{pang2011screening,
  title={Screening bermudagrass germplasm accessions for tolerance to sting nematodes},
  author={Pang, Wenjing and Luc, John E and Crow, William T and Kenworthy, Kevin E and McSorley, Robert and Giblin-Davis, Robin M},
  journal={HortScience},
  volume={46},
  number={11},
  pages={1503--1506},
  year={2011},
  publisher={American Society for Horticultural Science}
}